@article{dai2022explicit,
  title={Explicit generators of the centre of the quantum group},
  author={Dai, Yanmin},
  journal={Communications in Mathematics and Statistics},
  pages={1--22},
  year={2022},
  publisher={Springer}
}